@article{Example,
    title = {{This is the Title}},
    year = {2018},
    journal = {Molecular Physics},
    author = {Dr Author, Prof Co-Author},
    number = {2},
    month = {6},
    pages = {255--268},
    volume = {5},
    url = {http://www.fake-url.com/doi/abs/10.10XX/00268978400101201},
    doi = {10.10XX/00268978400101201},
    issn = {00XX-XXXX}
}









@article{intro,
author = {Ghosh, Dinesh C. and Sen, Pratik K. and Pal, Biswajit},
title = {Influence of Anions and Micelle and Submicellar Aggregates on the Alkaline Hydrolysis of Malachite Green: Tensiometric, Spectrophotometric, and Kinetic Investigations},
journal = {The Journal of Physical Chemistry B},
volume = {124},
number = {10},
pages = {2048-2059},
year = {2020},
doi = {10.1021/acs.jpcb.9b11936},
note ={PMID: 32059110},
}




@article{25,
title = {Protonated dye-surfactant ion pair formation between neutral red and anionic surfactants in aqueous submicellar solutions},
journal = {Journal of Molecular Liquids},
volume = {142},
number = {1},
pages = {130-135},
year = {2008},
issn = {0167-7322},
doi = {https://doi.org/10.1016/j.molliq.2008.05.015},
url = {https://www.sciencedirect.com/science/article/pii/S0167732208001086},
author = {Biren Gohain and Surashree Sarma and Robin K. Dutta},
keywords = {Neutral red, Acid-base equilibrium, Dye-surfactant ion pair, Hydrophobic interaction, Dye-surfactant interaction},
}

@article{intro16,
title = {Premicellar and micelle formation behavior of aqueous anionic surfactants in the presence of triphenylmethane dyes: protonation of dye in ion pair micelles},
journal = {Journal of Physcial Organic Chemistry},
volume = {23},
number = {3},
pages = {211-219},
year = {2009},
issn = {0167-7322},
doi = {10.1002/poc.1603},
url = {https://onlinelibrary.wiley.com/doi/10.1002/poc.1603},
author = {Biren Gohain and Bornali Boruah and Palash M. Saikia and Robin K. Dutta},
}

@article{21,
title = {Rates of Ionic Reactions in Aqueous Solutions},
journal = {The Journal of Chemical Physics},
volume = {17},
number = {12},
pages = {1167-1173},
year = {1949},
author = {Olson, A. R. ; Simonson, T. R.},
}









@article{22,
author = {Piszkiewicz, Dennis},
title = {Positive cooperativity in micelle-catalyzed reactions},
journal = {Journal of the American Chemical Society},
volume = {99},
number = {5},
pages = {1550-1557},
year = {1977},
doi = {10.1021/ja00447a044},

URL = { 
    
        https://doi.org/10.1021/ja00447a044
    
    

},
eprint = { 
    
        https://doi.org/10.1021/ja00447a044
    
    

}

}


