@article{Example,
    author = {Einstein, Albert},
    title = {Zur Elektrodynamik bewegter Körper},
    journal = {Annalen der Physik},
    volume = {322},
    number = {10},
    pages = {891--921},
    year = {1905},
    doi = {10.1002/andp.19053221004}
}

@article{Example2,
    author = {Einstein, Albert},
    title = {Zur Elektrodynamik bewegter Körper},
    journal = {Annalen der Physik},
    volume = {322},
    number = {10},
    pages = {891--921},
    year = {1905},
    doi = {10.1002/andp.19053221004}
}

@article{Montgomery,
    author = {Montgomery, Craig D.},
    title = {Fischer and Schrock Carbene Complexes: A Molecular Modeling Exercise},
    journal = {Journal of Chemical Education},
    volume = {92},
    number = {10},
    pages = {1653-1660},
    year = {2015},
    doi = {10.1021/acs.jchemed.5b00036},
    
    URL = { 
            https://doi.org/10.1021/acs.jchemed.5b00036
        
    },
    eprint = { 
            https://doi.org/10.1021/acs.jchemed.5b00036
    
    }
}

@incollection{MMFF1,
    title = {Chapter Four - Explicit Drug Re-positioning: Predicting Novel Drug–Target Interactions of the Shelved Molecules with QM/MM Based Approaches},
    editor = {Tatyana Karabencheva-Christova},
    series = {Advances in Protein Chemistry and Structural Biology},
    publisher = {Academic Press},
    volume = {100},
    pages = {89-112},
    year = {2015},
    booktitle = {Combined Quantum Mechanical and Molecular Mechanical Modelling of Biomolecular Interactions},
    issn = {1876-1623},
    doi = {https://doi.org/10.1016/bs.apcsb.2015.07.001},
    url = {https://www.sciencedirect.com/science/article/pii/S1876162315000425},
    author = {Ankur Omer and Venkatesan Suryanarayanan and Chandrabose Selvaraj and Sanjeev Kumar Singh and Poonam Singh},
    keywords = {Quantum mechanics, Repositioning, Molecular mechanics, Computational drug discovery, Charge polarization, QM/MM},
    
}

@incollection{MMFF2,
    title = {2 - Molecular Graphics and Modeling: Tools of the Trade},
    editor = {N. CLAUDE COHEN},
    booktitle = {Guidebook on Molecular Modeling in Drug Design},
    publisher = {Academic Press},
    address = {San Diego},
    pages = {19-54},
    year = {1996},
    isbn = {978-0-12-178245-0},
    doi = {https://doi.org/10.1016/B978-012178245-0/50003-2},
    url = {https://www.sciencedirect.com/science/article/pii/B9780121782450500032},
    author = {RODERICK E. HUBBARD}
}

@article{Investigation,
author = {Tao, Shuxia and Cao, xi and Bobbert, Peter},
year = {2017},
month = {10},
pages = {},
title = {Accurate and efficient band gap predictions of metal halide perovskites using DFT-1/2 methods: GW accuracy with DFT expense},
volume = {7},
journal = {Scientific Reports},
doi = {10.1038/s41598-017-14435-4}
}

@article{Bandgap2020,
author = {Sutherland, Brandon},
year = {2020},
month = {05},
pages = {984-985},
title = {Solar Materials Find Their Band Gap},
volume = {4},
journal = {Joule},
doi = {10.1016/j.joule.2020.05.001}
}

@ARTICLE{Bandgap1961,
       author = {{Shockley}, William and {Queisser}, Hans J.},
        title = "{Detailed Balance Limit of Efficiency of p-n Junction Solar Cells}",
      journal = {Journal of Applied Physics},
         year = 1961,
        month = mar,
       volume = {32},
       number = {3},
        pages = {510-519},
          doi = {10.1063/1.1736034},
       adsurl = {https://ui.adsabs.harvard.edu/abs/1961JAP....32..510S},
      adsnote = {Provided by the SAO/NASA Astrophysics Data System}
}

